<?xml version="1.0" encoding="UTF-8"?><collection xmlns="http://www.loc.gov/MARC21/slim"><record><leader>00360nam--2200133-i-4500</leader><controlfield tag="001">000008418</controlfield><controlfield tag="002">20161230</controlfield><controlfield tag="005">20161230201027</controlfield><controlfield tag="008">060222s1000------------r-----000-0-eng-d</controlfield><datafield ind1=" " ind2=" " tag="100"><subfield code="a">Bell, H.A., Lee, M.A. And Easter, B</subfield></datafield><datafield ind1=" " ind2=" " tag="245"><subfield code="a">Tunnel diodes</subfield></datafield><datafield ind1=" " ind2=" " tag="260"><subfield code="a">London, Chapman And Hall Ltd., 1967. Xii + 196 P</subfield></datafield><datafield ind1=" " ind2=" " tag="490"><subfield code="a">Modern Electrical Studies</subfield></datafield><datafield ind1=" " ind2=" " tag="852"><subfield code="a">26954</subfield></datafield></record></collection>